45600000         211187850000167118                 00002 0000100050041 TESTE                         Banco de Tokyo-Mitsubishi UFJ           101112017095555000273                                                                             
45600011C2041043 211187850000167118                 00002 0000100050041 TESTE                                                                                               00000                                   00000                       
4560001300001A00001823700001 0000000271828 BTMUB Customer S/A            TEDID0009           05102017BRL00000000000000000000000000010065203               00000000000000000000000                                          00004     0          
4560001300002B   260746948000112                              00000                                                  00000     05102017000000000000100000000000000000000000000000000000000000000000000000000000000TEDID0009      0000000        
4560001300003A00001823700001 0000000271828 BTMUB Customer S/A            TEDID0009           05102017BRL00000000000000000000000000010065204               00000000000000000000000                                          00004     0          
4560001300004B   260746948000112                              00000                                                  00000     05102017000000000000100000000000000000000000000000000000000000000000000000000000000TEDID0009      0000000        
4560001300005A00001823700001 0000000271828 BTMUB Customer S/A            TEDID0009           05102017BRL00000000000000000000000000010065205               00000000000000000000000                                          00004     0          
4560001300006B   260746948000112                              00000                                                  00000     05102017000000000000100000000000000000000000000000000000000000000000000000000000000TEDID0009      0000000        
4560001300007A00001823700001 0000000271828 BTMUB Customer S/A            TEDID0009           05102017BRL00000000000000000000000000010065206               00000000000000000000000                                          00004     0          
4560001300008B   260746948000112                              00000                                                  00000     05102017000000000000100000000000000000000000000000000000000000000000000000000000000TEDID0009      0000000        
4560001300009A00001823700001 0000000271828 BTMUB Customer S/A            TEDID0009           05102017BRL00000000000000000000000000010065207               00000000000000000000000                                          00004     0          
4560001300010B   260746948000112                              00000                                                  00000     05102017000000000000100000000000000000000000000000000000000000000000000000000000000TEDID0009      0000000        
4560001300011A00001823700001 0000000271828 BTMUB Customer S/A            TEDID0009           05102017BRL00000000000000000000000000010065208               00000000000000000000000                                          00004     0          
4560001300012B   260746948000112                              00000                                                  00000     05102017000000000000100000000000000000000000000000000000000000000000000000000000000TEDID0009      0000000        
4560001300013A00001823700001 0000000271828 BTMUB Customer S/A            TEDID0009           05102017BRL00000000000000000000000000010065209               00000000000000000000000                                          00004     0          
4560001300014B   260746948000112                              00000                                                  00000     05102017000000000000100000000000000000000000000000000000000000000000000000000000000TEDID0009      0000000        
4560001300015A00001823700001 0000000271828 BTMUB Customer S/A            TEDID0009           05102017BRL00000000000000000000000000010065210               00000000000000000000000                                          00004     0          
4560001300016B   260746948000112                              00000                                                  00000     05102017000000000000100000000000000000000000000000000000000000000000000000000000000TEDID0009      0000000        
4560001300017A00001823700001 0000000271828 BTMUB Customer S/A            TEDID0009           05102017BRL00000000000000000000000000010065211               00000000000000000000000                                          00004     0          
4560001300018B   260746948000112                              00000                                                  00000     05102017000000000000100000000000000000000000000000000000000000000000000000000000000TEDID0009      0000000        
4560001300019A00001823700001 0000000271828 BTMUB Customer S/A            TEDID0009           05102017BRL00000000000000000000000000010065212               00000000000000000000000                                          00004     0          
4560001300020B   260746948000112                              00000                                                  00000     05102017000000000000100000000000000000000000000000000000000000000000000000000000000TEDID0009      0000000        
4560001300021A00001823700001 0000000271828 BTMUB Customer S/A            TEDID0009           05102017BRL00000000000000000000000000010065213               00000000000000000000000                                          00004     0          
4560001300022B   260746948000112                              00000                                                  00000     05102017000000000000100000000000000000000000000000000000000000000000000000000000000TEDID0009      0000000        
4560001300023A00001823700001 0000000271828 BTMUB Customer S/A            TEDID0009           05102017BRL00000000000000000000000000010065214               00000000000000000000000                                          00004     0          
4560001300024B   260746948000112                              00000                                                  00000     05102017000000000000100000000000000000000000000000000000000000000000000000000000000TEDID0009      0000000        
4560001300025A00001823700001 0000000271828 BTMUB Customer S/A            TEDID0009           05102017BRL00000000000000000000000000010065215               00000000000000000000000                                          00004     0          
4560001300026B   260746948000112                              00000                                                  00000     05102017000000000000100000000000000000000000000000000000000000000000000000000000000TEDID0009      0000000        
4560001300027A00001823700001 0000000271828 BTMUB Customer S/A            TEDID0009           05102017BRL00000000000000000000000000010065216               00000000000000000000000                                          00004     0          
4560001300028B   260746948000112                              00000                                                  00000     05102017000000000000100000000000000000000000000000000000000000000000000000000000000TEDID0009      0000000        
4560001300029A00001823700001 0000000271828 BTMUB Customer S/A            TEDID0009           05102017BRL00000000000000000000000000010065217               00000000000000000000000                                          00004     0          
4560001300030B   260746948000112                              00000                                                  00000     05102017000000000000100000000000000000000000000000000000000000000000000000000000000TEDID0009      0000000        
4560001300031A00001823700001 0000000271828 BTMUB Customer S/A            TEDID0009           05102017BRL00000000000000000000000000010065218               00000000000000000000000                                          00004     0          
4560001300032B   260746948000112                              00000                                                  00000     05102017000000000000100000000000000000000000000000000000000000000000000000000000000TEDID0009      0000000        
4560001300033A00001823700001 0000000271828 BTMUB Customer S/A            TEDID0009           05102017BRL00000000000000000000000000010065219               00000000000000000000000                                          00004     0          
4560001300034B   260746948000112                              00000                                                  00000     05102017000000000000100000000000000000000000000000000000000000000000000000000000000TEDID0009      0000000        
4560001300035A00001823700001 0000000271828 BTMUB Customer S/A            TEDID0009           05102017BRL00000000000000000000000000010065220               00000000000000000000000                                          00004     0          
4560001300036B   260746948000112                              00000                                                  00000     05102017000000000000100000000000000000000000000000000000000000000000000000000000000TEDID0009      0000000        
4560001300037A00001823700001 0000000271828 BTMUB Customer S/A            TEDID0009           05102017BRL00000000000000000000000000010065221               00000000000000000000000                                          00004     0          
4560001300038B   260746948000112                              00000                                                  00000     05102017000000000000100000000000000000000000000000000000000000000000000000000000000TEDID0009      0000000        
4560001300039A00001823700001 0000000271828 BTMUB Customer S/A            TEDID0009           05102017BRL00000000000000000000000000010065222               00000000000000000000000                                          00004     0          
4560001300040B   260746948000112                              00000                                                  00000     05102017000000000000100000000000000000000000000000000000000000000000000000000000000TEDID0009      0000000        
4560001300041A00001823700001 0000000271828 BTMUB Customer S/A            TEDID0009           05102017BRL00000000000000000000000000010065223               00000000000000000000000                                          00004     0          
4560001300042B   260746948000112                              00000                                                  00000     05102017000000000000100000000000000000000000000000000000000000000000000000000000000TEDID0009      0000000        
4560001300043A00001823700001 0000000271828 BTMUB Customer S/A            TEDID0009           05102017BRL00000000000000000000000000010065224               00000000000000000000000                                          00004     0          
4560001300044B   260746948000112                              00000                                                  00000     05102017000000000000100000000000000000000000000000000000000000000000000000000000000TEDID0009      0000000        
4560001300045A00001823700001 0000000271828 BTMUB Customer S/A            TEDID0009           05102017BRL00000000000000000000000000010065225               00000000000000000000000                                          00004     0          
4560001300046B   260746948000112                              00000                                                  00000     05102017000000000000100000000000000000000000000000000000000000000000000000000000000TEDID0009      0000000        
4560001300047A00001823700001 0000000271828 BTMUB Customer S/A            TEDID0009           05102017BRL00000000000000000000000000010065226               00000000000000000000000                                          00004     0          
4560001300048B   260746948000112                              00000                                                  00000     05102017000000000000100000000000000000000000000000000000000000000000000000000000000TEDID0009      0000000        
4560001300049A00001823700001 0000000271828 BTMUB Customer S/A            TEDID0009           05102017BRL00000000000000000000000000010065227               00000000000000000000000                                          00004     0          
4560001300050B   260746948000112                              00000                                                  00000     05102017000000000000100000000000000000000000000000000000000000000000000000000000000TEDID0009      0000000        
4560001300051A00001823700001 0000000271828 BTMUB Customer S/A            TEDID0009           05102017BRL00000000000000000000000000010065228               00000000000000000000000                                          00004     0          
4560001300052B   260746948000112                              00000                                                  00000     05102017000000000000100000000000000000000000000000000000000000000000000000000000000TEDID0009      0000000        
4560001300053A00001823700001 0000000271828 BTMUB Customer S/A            TEDID0009           05102017BRL00000000000000000000000000010065229               00000000000000000000000                                          00004     0          
4560001300054B   260746948000112                              00000                                                  00000     05102017000000000000100000000000000000000000000000000000000000000000000000000000000TEDID0009      0000000        
4560001300055A00001823700001 0000000271828 BTMUB Customer S/A            TEDID0009           05102017BRL00000000000000000000000000010065230               00000000000000000000000                                          00004     0          
4560001300056B   260746948000112                              00000                                                  00000     05102017000000000000100000000000000000000000000000000000000000000000000000000000000TEDID0009      0000000        
4560001300057A00001823700001 0000000271828 BTMUB Customer S/A            TEDID0009           05102017BRL00000000000000000000000000010065231               00000000000000000000000                                          00004     0          
4560001300058B   260746948000112                              00000                                                  00000     05102017000000000000100000000000000000000000000000000000000000000000000000000000000TEDID0009      0000000        
4560001300059A00001823700001 0000000271828 BTMUB Customer S/A            TEDID0009           05102017BRL00000000000000000000000000010065232               00000000000000000000000                                          00004     0          
4560001300060B   260746948000112                              00000                                                  00000     05102017000000000000100000000000000000000000000000000000000000000000000000000000000TEDID0009      0000000        
4560001300061A00001823700001 0000000271828 BTMUB Customer S/A            TEDID0009           05102017BRL00000000000000000000000000010065233               00000000000000000000000                                          00004     0          
4560001300062B   260746948000112                              00000                                                  00000     05102017000000000000100000000000000000000000000000000000000000000000000000000000000TEDID0009      0000000        
4560001300063A00001823700001 0000000271828 BTMUB Customer S/A            TEDID0009           05102017BRL00000000000000000000000000010065234               00000000000000000000000                                          00004     0          
4560001300064B   260746948000112                              00000                                                  00000     05102017000000000000100000000000000000000000000000000000000000000000000000000000000TEDID0009      0000000        
4560001300065A00001823700001 0000000271828 BTMUB Customer S/A            TEDID0009           05102017BRL00000000000000000000000000010065235               00000000000000000000000                                          00004     0          
4560001300066B   260746948000112                              00000                                                  00000     05102017000000000000100000000000000000000000000000000000000000000000000000000000000TEDID0009      0000000        
4560001300067A00001823700001 0000000271828 BTMUB Customer S/A            TEDID0009           05102017BRL00000000000000000000000000010065236               00000000000000000000000                                          00004     0          
4560001300068B   260746948000112                              00000                                                  00000     05102017000000000000100000000000000000000000000000000000000000000000000000000000000TEDID0009      0000000        
4560001300069A00001823700001 0000000271828 BTMUB Customer S/A            TEDID0009           05102017BRL00000000000000000000000000010065237               00000000000000000000000                                          00004     0          
4560001300070B   260746948000112                              00000                                                  00000     05102017000000000000100000000000000000000000000000000000000000000000000000000000000TEDID0009      0000000        
4560001300071A00001823700001 0000000271828 BTMUB Customer S/A            TEDID0009           05102017BRL00000000000000000000000000010065238               00000000000000000000000                                          00004     0          
4560001300072B   260746948000112                              00000                                                  00000     05102017000000000000100000000000000000000000000000000000000000000000000000000000000TEDID0009      0000000        
4560001300073A00001823700001 0000000271828 BTMUB Customer S/A            TEDID0009           05102017BRL00000000000000000000000000010065239               00000000000000000000000                                          00004     0          
4560001300074B   260746948000112                              00000                                                  00000     05102017000000000000100000000000000000000000000000000000000000000000000000000000000TEDID0009      0000000        
4560001300075A00001823700001 0000000271828 BTMUB Customer S/A            TEDID0009           05102017BRL00000000000000000000000000010065240               00000000000000000000000                                          00004     0          
4560001300076B   260746948000112                              00000                                                  00000     05102017000000000000100000000000000000000000000000000000000000000000000000000000000TEDID0009      0000000        
4560001300077A00001823700001 0000000271828 BTMUB Customer S/A            TEDID0009           05102017BRL00000000000000000000000000010065241               00000000000000000000000                                          00004     0          
4560001300078B   260746948000112                              00000                                                  00000     05102017000000000000100000000000000000000000000000000000000000000000000000000000000TEDID0009      0000000        
4560001300079A00001823700001 0000000271828 BTMUB Customer S/A            TEDID0009           05102017BRL00000000000000000000000000010065242               00000000000000000000000                                          00004     0          
4560001300080B   260746948000112                              00000                                                  00000     05102017000000000000100000000000000000000000000000000000000000000000000000000000000TEDID0009      0000000        
4560001300081A00001823700001 0000000271828 BTMUB Customer S/A            TEDID0009           05102017BRL00000000000000000000000000010065243               00000000000000000000000                                          00004     0          
4560001300082B   260746948000112                              00000                                                  00000     05102017000000000000100000000000000000000000000000000000000000000000000000000000000TEDID0009      0000000        
4560001300083A00001823700001 0000000271828 BTMUB Customer S/A            TEDID0009           05102017BRL00000000000000000000000000010065244               00000000000000000000000                                          00004     0          
4560001300084B   260746948000112                              00000                                                  00000     05102017000000000000100000000000000000000000000000000000000000000000000000000000000TEDID0009      0000000        
4560001300085A00001823700001 0000000271828 BTMUB Customer S/A            TEDID0009           05102017BRL00000000000000000000000000010065245               00000000000000000000000                                          00004     0          
4560001300086B   260746948000112                              00000                                                  00000     05102017000000000000100000000000000000000000000000000000000000000000000000000000000TEDID0009      0000000        
4560001300087A00001823700001 0000000271828 BTMUB Customer S/A            TEDID0009           05102017BRL00000000000000000000000000010065246               00000000000000000000000                                          00004     0          
4560001300088B   260746948000112                              00000                                                  00000     05102017000000000000100000000000000000000000000000000000000000000000000000000000000TEDID0009      0000000        
4560001300089A00001823700001 0000000271828 BTMUB Customer S/A            TEDID0009           05102017BRL00000000000000000000000000010065247               00000000000000000000000                                          00004     0          
4560001300090B   260746948000112                              00000                                                  00000     05102017000000000000100000000000000000000000000000000000000000000000000000000000000TEDID0009      0000000        
4560001300091A00001823700001 0000000271828 BTMUB Customer S/A            TEDID0009           05102017BRL00000000000000000000000000010065248               00000000000000000000000                                          00004     0          
4560001300092B   260746948000112                              00000                                                  00000     05102017000000000000100000000000000000000000000000000000000000000000000000000000000TEDID0009      0000000        
4560001300093A00001823700001 0000000271828 BTMUB Customer S/A            TEDID0009           05102017BRL00000000000000000000000000010065249               00000000000000000000000                                          00004     0          
4560001300094B   260746948000112                              00000                                                  00000     05102017000000000000100000000000000000000000000000000000000000000000000000000000000TEDID0009      0000000        
4560001300095A00001823700001 0000000271828 BTMUB Customer S/A            TEDID0009           05102017BRL00000000000000000000000000010065250               00000000000000000000000                                          00004     0          
4560001300096B   260746948000112                              00000                                                  00000     05102017000000000000100000000000000000000000000000000000000000000000000000000000000TEDID0009      0000000        
4560001300097A00001823700001 0000000271828 BTMUB Customer S/A            TEDID0009           05102017BRL00000000000000000000000000010065251               00000000000000000000000                                          00004     0          
4560001300098B   260746948000112                              00000                                                  00000     05102017000000000000100000000000000000000000000000000000000000000000000000000000000TEDID0009      0000000        
4560001300099A00001823700001 0000000271828 BTMUB Customer S/A            TEDID0009           05102017BRL00000000000000000000000000010065252               00000000000000000000000                                          00004     0          
4560001300100B   260746948000112                              00000                                                  00000     05102017000000000000100000000000000000000000000000000000000000000000000000000000000TEDID0009      0000000        
4560001300101A00001823700001 0000000271828 BTMUB Customer S/A            TEDID0009           05102017BRL00000000000000000000000000010065253               00000000000000000000000                                          00004     0          
4560001300102B   260746948000112                              00000                                                  00000     05102017000000000000100000000000000000000000000000000000000000000000000000000000000TEDID0009      0000000        
4560001300103A00001823700001 0000000271828 BTMUB Customer S/A            TEDID0009           05102017BRL00000000000000000000000000010065254               00000000000000000000000                                          00004     0          
4560001300104B   260746948000112                              00000                                                  00000     05102017000000000000100000000000000000000000000000000000000000000000000000000000000TEDID0009      0000000        
4560001300105A00001823700001 0000000271828 BTMUB Customer S/A            TEDID0009           05102017BRL00000000000000000000000000010065255               00000000000000000000000                                          00004     0          
4560001300106B   260746948000112                              00000                                                  00000     05102017000000000000100000000000000000000000000000000000000000000000000000000000000TEDID0009      0000000        
4560001300107A00001823700001 0000000271828 BTMUB Customer S/A            TEDID0009           05102017BRL00000000000000000000000000010065256               00000000000000000000000                                          00004     0          
4560001300108B   260746948000112                              00000                                                  00000     05102017000000000000100000000000000000000000000000000000000000000000000000000000000TEDID0009      0000000        
4560001300109A00001823700001 0000000271828 BTMUB Customer S/A            TEDID0009           05102017BRL00000000000000000000000000010065257               00000000000000000000000                                          00004     0          
4560001300110B   260746948000112                              00000                                                  00000     05102017000000000000100000000000000000000000000000000000000000000000000000000000000TEDID0009      0000000        
4560001300111A00001823700001 0000000271828 BTMUB Customer S/A            TEDID0009           05102017BRL00000000000000000000000000010065258               00000000000000000000000                                          00004     0          
4560001300112B   260746948000112                              00000                                                  00000     05102017000000000000100000000000000000000000000000000000000000000000000000000000000TEDID0009      0000000        
4560001300113A00001823700001 0000000271828 BTMUB Customer S/A            TEDID0009           05102017BRL00000000000000000000000000010065259               00000000000000000000000                                          00004     0          
4560001300114B   260746948000112                              00000                                                  00000     05102017000000000000100000000000000000000000000000000000000000000000000000000000000TEDID0009      0000000        
4560001300115A00001823700001 0000000271828 BTMUB Customer S/A            TEDID0009           05102017BRL00000000000000000000000000010065260               00000000000000000000000                                          00004     0          
4560001300116B   260746948000112                              00000                                                  00000     05102017000000000000100000000000000000000000000000000000000000000000000000000000000TEDID0009      0000000        
4560001300117A00001823700001 0000000271828 BTMUB Customer S/A            TEDID0009           05102017BRL00000000000000000000000000010065261               00000000000000000000000                                          00004     0          
4560001300118B   260746948000112                              00000                                                  00000     05102017000000000000100000000000000000000000000000000000000000000000000000000000000TEDID0009      0000000        
4560001300119A00001823700001 0000000271828 BTMUB Customer S/A            TEDID0009           05102017BRL00000000000000000000000000010065262               00000000000000000000000                                          00004     0          
4560001300120B   260746948000112                              00000                                                  00000     05102017000000000000100000000000000000000000000000000000000000000000000000000000000TEDID0009      0000000        
4560001300121A00001823700001 0000000271828 BTMUB Customer S/A            TEDID0009           05102017BRL00000000000000000000000000010065263               00000000000000000000000                                          00004     0          
4560001300122B   260746948000112                              00000                                                  00000     05102017000000000000100000000000000000000000000000000000000000000000000000000000000TEDID0009      0000000        
4560001300123A00001823700001 0000000271828 BTMUB Customer S/A            TEDID0009           05102017BRL00000000000000000000000000010065264               00000000000000000000000                                          00004     0          
4560001300124B   260746948000112                              00000                                                  00000     05102017000000000000100000000000000000000000000000000000000000000000000000000000000TEDID0009      0000000        
4560001300125A00001823700001 0000000271828 BTMUB Customer S/A            TEDID0009           05102017BRL00000000000000000000000000010065265               00000000000000000000000                                          00004     0          
4560001300126B   260746948000112                              00000                                                  00000     05102017000000000000100000000000000000000000000000000000000000000000000000000000000TEDID0009      0000000        
4560001300127A00001823700001 0000000271828 BTMUB Customer S/A            TEDID0009           05102017BRL00000000000000000000000000010065266               00000000000000000000000                                          00004     0          
4560001300128B   260746948000112                              00000                                                  00000     05102017000000000000100000000000000000000000000000000000000000000000000000000000000TEDID0009      0000000        
4560001300129A00001823700001 0000000271828 BTMUB Customer S/A            TEDID0009           05102017BRL00000000000000000000000000010065267               00000000000000000000000                                          00004     0          
4560001300130B   260746948000112                              00000                                                  00000     05102017000000000000100000000000000000000000000000000000000000000000000000000000000TEDID0009      0000000        
4560001300131A00001823700001 0000000271828 BTMUB Customer S/A            TEDID0009           05102017BRL00000000000000000000000000010065268               00000000000000000000000                                          00004     0          
4560001300132B   260746948000112                              00000                                                  00000     05102017000000000000100000000000000000000000000000000000000000000000000000000000000TEDID0009      0000000        
4560001300133A00001823700001 0000000271828 BTMUB Customer S/A            TEDID0009           05102017BRL00000000000000000000000000010065269               00000000000000000000000                                          00004     0          
4560001300134B   260746948000112                              00000                                                  00000     05102017000000000000100000000000000000000000000000000000000000000000000000000000000TEDID0009      0000000        
4560001300135A00001823700001 0000000271828 BTMUB Customer S/A            TEDID0009           05102017BRL00000000000000000000000000010065270               00000000000000000000000                                          00004     0          
4560001300136B   260746948000112                              00000                                                  00000     05102017000000000000100000000000000000000000000000000000000000000000000000000000000TEDID0009      0000000        
4560001300137A00001823700001 0000000271828 BTMUB Customer S/A            TEDID0009           05102017BRL00000000000000000000000000010065271               00000000000000000000000                                          00004     0          
4560001300138B   260746948000112                              00000                                                  00000     05102017000000000000100000000000000000000000000000000000000000000000000000000000000TEDID0009      0000000        
4560001300139A00001823700001 0000000271828 BTMUB Customer S/A            TEDID0009           05102017BRL00000000000000000000000000010065272               00000000000000000000000                                          00004     0          
4560001300140B   260746948000112                              00000                                                  00000     05102017000000000000100000000000000000000000000000000000000000000000000000000000000TEDID0009      0000000        
4560001300141A00001823700001 0000000271828 BTMUB Customer S/A            TEDID0009           05102017BRL00000000000000000000000000010065273               00000000000000000000000                                          00004     0          
4560001300142B   260746948000112                              00000                                                  00000     05102017000000000000100000000000000000000000000000000000000000000000000000000000000TEDID0009      0000000        
4560001300143A00001823700001 0000000271828 BTMUB Customer S/A            TEDID0009           05102017BRL00000000000000000000000000010065274               00000000000000000000000                                          00004     0          
4560001300144B   260746948000112                              00000                                                  00000     05102017000000000000100000000000000000000000000000000000000000000000000000000000000TEDID0009      0000000        
4560001300145A00001823700001 0000000271828 BTMUB Customer S/A            TEDID0009           05102017BRL00000000000000000000000000010065275               00000000000000000000000                                          00004     0          
4560001300146B   260746948000112                              00000                                                  00000     05102017000000000000100000000000000000000000000000000000000000000000000000000000000TEDID0009      0000000        
4560001300147A00001823700001 0000000271828 BTMUB Customer S/A            TEDID0009           05102017BRL00000000000000000000000000010065276               00000000000000000000000                                          00004     0          
4560001300148B   260746948000112                              00000                                                  00000     05102017000000000000100000000000000000000000000000000000000000000000000000000000000TEDID0009      0000000        
4560001300149A00001823700001 0000000271828 BTMUB Customer S/A            TEDID0009           05102017BRL00000000000000000000000000010065277               00000000000000000000000                                          00004     0          
4560001300150B   260746948000112                              00000                                                  00000     05102017000000000000100000000000000000000000000000000000000000000000000000000000000TEDID0009      0000000        
4560001300151A00001823700001 0000000271828 BTMUB Customer S/A            TEDID0009           05102017BRL00000000000000000000000000010065278               00000000000000000000000                                          00004     0          
4560001300152B   260746948000112                              00000                                                  00000     05102017000000000000100000000000000000000000000000000000000000000000000000000000000TEDID0009      0000000        
4560001300153A00001823700001 0000000271828 BTMUB Customer S/A            TEDID0009           05102017BRL00000000000000000000000000010065279               00000000000000000000000                                          00004     0          
4560001300154B   260746948000112                              00000                                                  00000     05102017000000000000100000000000000000000000000000000000000000000000000000000000000TEDID0009      0000000        
4560001300155A00001823700001 0000000271828 BTMUB Customer S/A            TEDID0009           05102017BRL00000000000000000000000000010065280               00000000000000000000000                                          00004     0          
4560001300156B   260746948000112                              00000                                                  00000     05102017000000000000100000000000000000000000000000000000000000000000000000000000000TEDID0009      0000000        
4560001300157A00001823700001 0000000271828 BTMUB Customer S/A            TEDID0009           05102017BRL00000000000000000000000000010065281               00000000000000000000000                                          00004     0          
4560001300158B   260746948000112                              00000                                                  00000     05102017000000000000100000000000000000000000000000000000000000000000000000000000000TEDID0009      0000000        
4560001300159A00001823700001 0000000271828 BTMUB Customer S/A            TEDID0009           05102017BRL00000000000000000000000000010065282               00000000000000000000000                                          00004     0          
4560001300160B   260746948000112                              00000                                                  00000     05102017000000000000100000000000000000000000000000000000000000000000000000000000000TEDID0009      0000000        
4560001300161A00001823700001 0000000271828 BTMUB Customer S/A            TEDID0009           05102017BRL00000000000000000000000000010065283               00000000000000000000000                                          00004     0          
4560001300162B   260746948000112                              00000                                                  00000     05102017000000000000100000000000000000000000000000000000000000000000000000000000000TEDID0009      0000000        
4560001300163A00001823700001 0000000271828 BTMUB Customer S/A            TEDID0009           05102017BRL00000000000000000000000000010065284               00000000000000000000000                                          00004     0          
4560001300164B   260746948000112                              00000                                                  00000     05102017000000000000100000000000000000000000000000000000000000000000000000000000000TEDID0009      0000000        
4560001300165A00001823700001 0000000271828 BTMUB Customer S/A            TEDID0009           05102017BRL00000000000000000000000000010065285               00000000000000000000000                                          00004     0          
4560001300166B   260746948000112                              00000                                                  00000     05102017000000000000100000000000000000000000000000000000000000000000000000000000000TEDID0009      0000000        
4560001300167A00001823700001 0000000271828 BTMUB Customer S/A            TEDID0009           05102017BRL00000000000000000000000000010065286               00000000000000000000000                                          00004     0          
4560001300168B   260746948000112                              00000                                                  00000     05102017000000000000100000000000000000000000000000000000000000000000000000000000000TEDID0009      0000000        
4560001300169A00001823700001 0000000271828 BTMUB Customer S/A            TEDID0009           05102017BRL00000000000000000000000000010065287               00000000000000000000000                                          00004     0          
4560001300170B   260746948000112                              00000                                                  00000     05102017000000000000100000000000000000000000000000000000000000000000000000000000000TEDID0009      0000000        
4560001300171A00001823700001 0000000271828 BTMUB Customer S/A            TEDID0009           05102017BRL00000000000000000000000000010065288               00000000000000000000000                                          00004     0          
4560001300172B   260746948000112                              00000                                                  00000     05102017000000000000100000000000000000000000000000000000000000000000000000000000000TEDID0009      0000000        
4560001300173A00001823700001 0000000271828 BTMUB Customer S/A            TEDID0009           05102017BRL00000000000000000000000000010065289               00000000000000000000000                                          00004     0          
4560001300174B   260746948000112                              00000                                                  00000     05102017000000000000100000000000000000000000000000000000000000000000000000000000000TEDID0009      0000000        
4560001300175A00001823700001 0000000271828 BTMUB Customer S/A            TEDID0009           05102017BRL00000000000000000000000000010065290               00000000000000000000000                                          00004     0          
4560001300176B   260746948000112                              00000                                                  00000     05102017000000000000100000000000000000000000000000000000000000000000000000000000000TEDID0009      0000000        
4560001300177A00001823700001 0000000271828 BTMUB Customer S/A            TEDID0009           05102017BRL00000000000000000000000000010065291               00000000000000000000000                                          00004     0          
4560001300178B   260746948000112                              00000                                                  00000     05102017000000000000100000000000000000000000000000000000000000000000000000000000000TEDID0009      0000000        
4560001300179A00001823700001 0000000271828 BTMUB Customer S/A            TEDID0009           05102017BRL00000000000000000000000000010065292               00000000000000000000000                                          00004     0          
4560001300180B   260746948000112                              00000                                                  00000     05102017000000000000100000000000000000000000000000000000000000000000000000000000000TEDID0009      0000000        
4560001300181A00001823700001 0000000271828 BTMUB Customer S/A            TEDID0009           05102017BRL00000000000000000000000000010065293               00000000000000000000000                                          00004     0          
4560001300182B   260746948000112                              00000                                                  00000     05102017000000000000100000000000000000000000000000000000000000000000000000000000000TEDID0009      0000000        
4560001300183A00001823700001 0000000271828 BTMUB Customer S/A            TEDID0009           05102017BRL00000000000000000000000000010065294               00000000000000000000000                                          00004     0          
4560001300184B   260746948000112                              00000                                                  00000     05102017000000000000100000000000000000000000000000000000000000000000000000000000000TEDID0009      0000000        
4560001300185A00001823700001 0000000271828 BTMUB Customer S/A            TEDID0009           05102017BRL00000000000000000000000000010065295               00000000000000000000000                                          00004     0          
4560001300186B   260746948000112                              00000                                                  00000     05102017000000000000100000000000000000000000000000000000000000000000000000000000000TEDID0009      0000000        
4560001300187A00001823700001 0000000271828 BTMUB Customer S/A            TEDID0009           05102017BRL00000000000000000000000000010065296               00000000000000000000000                                          00004     0          
4560001300188B   260746948000112                              00000                                                  00000     05102017000000000000100000000000000000000000000000000000000000000000000000000000000TEDID0009      0000000        
4560001300189A00001823700001 0000000271828 BTMUB Customer S/A            TEDID0009           05102017BRL00000000000000000000000000010065297               00000000000000000000000                                          00004     0          
4560001300190B   260746948000112                              00000                                                  00000     05102017000000000000100000000000000000000000000000000000000000000000000000000000000TEDID0009      0000000        
4560001300191A00001823700001 0000000271828 BTMUB Customer S/A            TEDID0009           05102017BRL00000000000000000000000000010065298               00000000000000000000000                                          00004     0          
4560001300192B   260746948000112                              00000                                                  00000     05102017000000000000100000000000000000000000000000000000000000000000000000000000000TEDID0009      0000000        
4560001300193A00001823700001 0000000271828 BTMUB Customer S/A            TEDID0009           05102017BRL00000000000000000000000000010065299               00000000000000000000000                                          00004     0          
4560001300194B   260746948000112                              00000                                                  00000     05102017000000000000100000000000000000000000000000000000000000000000000000000000000TEDID0009      0000000        
4560001300195A00001823700001 0000000271828 BTMUB Customer S/A            TEDID0009           05102017BRL00000000000000000000000000010065300               00000000000000000000000                                          00004     0          
4560001300196B   260746948000112                              00000                                                  00000     05102017000000000000100000000000000000000000000000000000000000000000000000000000000TEDID0009      0000000        
4560001300197A00001823700001 0000000271828 BTMUB Customer S/A            TEDID0009           05102017BRL00000000000000000000000000010065301               00000000000000000000000                                          00004     0          
4560001300198B   260746948000112                              00000                                                  00000     05102017000000000000100000000000000000000000000000000000000000000000000000000000000TEDID0009      0000000        
4560001300199A00001823700001 0000000271828 BTMUB Customer S/A            TEDID0009           05102017BRL00000000000000000000000000010065302               00000000000000000000000                                          00004     0          
4560001300200B   260746948000112                              00000                                                  00000     05102017000000000000100000000000000000000000000000000000000000000000000000000000000TEDID0009      0000000        
4560001300201A00001823700001 0000000271828 BTMUB Customer S/A            TEDID0009           05102017BRL00000000000000000000000000010065303               00000000000000000000000                                          00004     0          
4560001300202B   260746948000112                              00000                                                  00000     05102017000000000000100000000000000000000000000000000000000000000000000000000000000TEDID0009      0000000        
45600015         000204000000000000010100000000000000000000000000                                                                                                                                                                               
45699999         000001000206000000                                                                                                                                                                                                             

